<?xml version="1.0" encoding="UTF-8"?><collection xmlns="http://www.loc.gov/MARC21/slim"><record><leader>00428nam--2200133-i-4500</leader><controlfield tag="001">000011062</controlfield><controlfield tag="002">20161230</controlfield><controlfield tag="005">20161230201029</controlfield><controlfield tag="008">060222s1000------------r-----000-0-eng-d</controlfield><datafield ind1=" " ind2=" " tag="080"><subfield code="a">539.172.4(043):621.039.51(043)</subfield></datafield><datafield ind1=" " ind2=" " tag="100"><subfield code="a">Boeriu, Stefan</subfield></datafield><datafield ind1=" " ind2=" " tag="245"><subfield code="a">Dependenta de temperatura a factorului de evi tare a capturii de rezonanta in retelele hete rogene, teza de doctorat</subfield></datafield><datafield ind1=" " ind2=" " tag="260"><subfield code="a">Bucuresti, F.Ed., 1973. 147 P</subfield></datafield><datafield ind1=" " ind2=" " tag="852"><subfield code="a">40868</subfield></datafield></record></collection>